%Resources for the final report

@misc{numsetup,
author = {H. Usui},
title = "Plasma Particle Simulation",
howpublished = {\url{https://wiki.uio.no/mn/4dspace/img_auth.php/f/f0/Lecture_for_monday_150622.pdf}},
note = {1st Kobe-Oslo Simulation workshop}
}

@misc{numsetup2,
author = {Yohei Miyake},
title = "EMSES Details and practical aspects",
howpublished = {\url{https://wiki.uio.no/mn/4dspace/img_auth.php/6/6b/Lecture_wednesday.pdf}},
note = {1st Kobe-Oslo Simulation workshop}
}

@book{Pesceli,
author = {Hans Pécseli},
title = "Waves and Oscillations in Plasmas",
year = {2005}
}

@book{Brekke,
author = {Asgeri Brekke},
title = "Physics of the upper polar atmosphere, 2nd edition",
publisher = {Springer},
year = {2013},
pages = {217}
}

@book{Boef,
author = {Boef and Punset},
year = {1999}
}

@article{P1,
author = {J. Wang and D. E. Hastings},
title = {Ionospheric plasma flow over large high‐voltage space platforms. II: The formation
and structure of plasma wake},
journal = "Physics of Fluids B",
year = {1992},
volume = {4},
pages = {1615},
doi = {10.1063./1.860070},
url = {http://dx.doi.org/10.1063./1.860070}
}

@article{P2,
author = {Wojciech J. Miloch},
title = {Wake effects and Mach cones behind objects},
journal = "Physics of Fluids B",
year = {2010},
volume = {4},
pages = {1615},
doi = {10.1063./1.860070},
url = {http://dx.doi.org/10.1063./1.860070}
}

@article{P3,
author = {M. Holmstöm and S. Fatemi and Y. Futaana and H. Nilson},
title = {The interaction between the Moon and the solar wind},
journal = "Earth Planets Space",
year = {2012},
volume = {64},
pages = {237-245},
doi = {10.5407/eps.2011.06.040},
url = {http://dx.doi.org/10.5407/eps.2011.06.040}
}

@article{P5,
author = {E. Engwall and A.I. Erikson and J. Forest},
title = {Wake formation behind positively charged spacecraft in flowing tenuous plasmas},
journal = "Physics of Plasmas",
year = {2006},
volume = {13},
pages = {062904},
doi = {10.1063/1.2199207},
url = {http://dx.doi.org/10.1063/1.2199207}
}

@article{P7,
author = {L. Pataccchini and I. H. Hutchinson},
title = {Spherical conducting probes in finite Debye length plasmas and ExB fields},
journal = "Plasma Phys. Control. Fusion",
year = {2011},
volume = {53},
pages = {025005},
doi = {10.1088/0741-3335/53/2/025005},
url = {http://dx.doi.org/10.1088/0741-3335/53/2/025005}
}

@article{P8,
author = {R. E. Ergun and D. M. Malaspina and S. D. Bale and
J. P. McFadden and others},
title = {Spacecraft charging and ion wake formation in the near-Sun environment},
journal = "Physics of Plasmas",
year = {2010},
volume = {17},
pages = {072903},
doi = {10.1063/1.3457484},
url = {http://dx.doi.org/10.1063/1.3457484}
}

@article{TempMEO,
author = {H.G. Mayr and H. Volland},
title = {Model of Magnetospheric Temperature Distribution},
journal = "JOURNAL OF GEOPHYSICAL RESEARCH",
year = {1968},
volume = {73},
doi = {10.1029/JA073i015p04851},
url = {http://dx.doi.org/10.1029/JA073i015p04851}
}%Resources for the final report

@misc{numsetup,
author = {H. Usui},
title = "Plasma Particle Simulation",
howpublished = {\url{https://wiki.uio.no/mn/4dspace/img_auth.php/f/f0/Lecture_for_monday_150622.pdf}},
note = {1st Kobe-Oslo Simulation workshop}
}

@misc{numsetup2,
author = {Yohei Miyake},
title = "EMSES Details and practical aspects",
howpublished = {\url{https://wiki.uio.no/mn/4dspace/img_auth.php/6/6b/Lecture_wednesday.pdf}},
note = {1st Kobe-Oslo Simulation workshop}
}

@book{Pesceli,
author = {Hans Pécseli},
title = "Waves and Oscillations in Plasmas",
year = {2005}
}

@book{Brekke,
author = {Asgeri Brekke},
title = "Physics of the upper polar atmosphere, 2nd edition",
publisher = {Springer},
year = {2013},
pages = {217}
}

@book{Boef,
author = {Boef and Punset},
year = {1999}
}

@article{P1,
author = {J. Wang and D. E. Hastings},
title = {Ionospheric plasma flow over large high‐voltage space platforms. II: The formation
and structure of plasma wake},
journal = "Physics of Fluids B",
year = {1992},
volume = {4},
pages = {1615},
doi = {10.1063./1.860070},
url = {http://dx.doi.org/10.1063./1.860070}
}

@article{P2,
author = {Wojciech J. Miloch},
title = {Wake effects and Mach cones behind objects},
journal = "Physics of Fluids B",
year = {2010},
volume = {4},
pages = {1615},
doi = {10.1063./1.860070},
url = {http://dx.doi.org/10.1063./1.860070}
}

@article{P3,
author = {M. Holmstöm and S. Fatemi and Y. Futaana and H. Nilson},
title = {The interaction between the Moon and the solar wind},
journal = "Earth Planets Space",
year = {2012},
volume = {64},
pages = {237-245},
doi = {10.5407/eps.2011.06.040},
url = {http://dx.doi.org/10.5407/eps.2011.06.040}
}

@article{P5,
author = {E. Engwall and A.I. Erikson and J. Forest},
title = {Wake formation behind positively charged spacecraft in flowing tenuous plasmas},
journal = "Physics of Plasmas",
year = {2006},
volume = {13},
pages = {062904},
doi = {10.1063/1.2199207},
url = {http://dx.doi.org/10.1063/1.2199207}
}

@article{P7,
author = {L. Pataccchini and I. H. Hutchinson},
title = {Spherical conducting probes in finite Debye length plasmas and ExB fields},
journal = "Plasma Phys. Control. Fusion",
year = {2011},
volume = {53},
pages = {025005},
doi = {10.1088/0741-3335/53/2/025005},
url = {http://dx.doi.org/10.1088/0741-3335/53/2/025005}
}

@article{P8,
author = {R. E. Ergun and D. M. Malaspina and S. D. Bale and
J. P. McFadden and others},
title = {Spacecraft charging and ion wake formation in the near-Sun environment},
journal = "Physics of Plasmas",
year = {2010},
volume = {17},
pages = {072903},
doi = {10.1063/1.3457484},
url = {http://dx.doi.org/10.1063/1.3457484}
}

@article{TempMEO,
author = {H.G. Mayr and H. Volland},
title = {Model of Magnetospheric Temperature Distribution},
journal = "JOURNAL OF GEOPHYSICAL RESEARCH",
year = {1968},
volume = {73},
doi = {10.1029/JA073i015p04851},
url = {http://dx.doi.org/10.1029/JA073i015p04851}
}